<?xml version="1.0" encoding="UTF-8"?><record xmlns="http://www.loc.gov/MARC21/slim" xmlns:cinclude="http://apache.org/cocoon/include/1.0" xmlns:zs="http://www.loc.gov/zing/srw/">
  <leader>00370nz  a2200133n  4500</leader>
  <controlfield tag="001">no2007092523</controlfield>
  <controlfield tag="003">DLC</controlfield>
  <controlfield tag="005">20070816075145.0</controlfield>
  <controlfield tag="008">070813n| acannaabn          |n aaa     c</controlfield>
  <datafield tag="010" ind1=" " ind2=" ">
    <subfield code="a">no2007092523</subfield>
  </datafield>
  <datafield tag="035" ind1=" " ind2=" ">
    <subfield code="a">(OCoLC)oca07491935</subfield>
  </datafield>
  <datafield tag="040" ind1=" " ind2=" ">
    <subfield code="a">CtY</subfield>
    <subfield code="b">eng</subfield>
    <subfield code="c">CtY</subfield>
  </datafield>
  <datafield tag="100" ind1="1" ind2=" ">
    <subfield code="a">Semakin, VitaliiĚ Petrovich.</subfield>
  </datafield>
  <datafield tag="670" ind1=" " ind2=" ">
    <subfield code="a">UchenyiĚ-pomolog, 1997:</subfield>
    <subfield code="b">t.p. (... Vitalii Petroviche Semakine)</subfield>
  </datafield>
</record>